ticker,month,open,close,low,high,volume,fiscal_year,Security,GICS Sector,GICS Sub Industry,Address of Headquarters,CIK,Period Ending,Accounts Payable,Accounts Receivable,Add'l income/expense items,After Tax ROE,Capital Expenditures,Capital Surplus,Cash Ratio,Cash and Cash Equivalents,Changes in Inventories,Common Stocks,Cost of Revenue,Current Ratio,Deferred Asset Charges,Deferred Liability Charges,Depreciation,Earnings Before Interest and Tax,Earnings Before Tax,Effect of Exchange Rate,Equity Earnings/Loss Unconsolidated Subsidiary,Fixed Assets,Goodwill,Gross Margin,Gross Profit,Income Tax,Intangible Assets,Interest Expense,Inventory,Investments,Liabilities,Long-Term Debt,Long-Term Investments,Minority Interest,Misc. Stocks,Net Borrowings,Net Cash Flow,Net Cash Flow-Operating,Net Cash Flows-Financing,Net Cash Flows-Investing,Net Income,Net Income Adjustments,Net Income Applicable to Common Shareholders,Net Income-Cont. Operations,Net Receivables,Non-Recurring Items,Operating Income,Operating Margin,Other Assets,Other Current Assets,Other Current Liabilities,Other Equity,Other Financing Activities,Other Investing Activities,Other Liabilities,Other Operating Activities,Other Operating Items,Pre-Tax Margin,Pre-Tax ROE,Profit Margin,Quick Ratio,Research and Development,Retained Earnings,Sale and Purchase of Stock,"Sales, General and Admin.",Short-Term Debt / Current Portion of Long-Term Debt,Short-Term Investments,Total Assets,Total Current Assets,Total Current Liabilities,Total Equity,Total Liabilities,Total Liabilities & Equity,Total Revenue,Treasury Stock,Earnings Per Share,Estimated Shares Outstanding,has_eps
AAPL,2013-01,71.44047619720952,71.11748303395714,70.42428552376191,72.05823116999524,3280855900.0,2013,Apple Inc.,Information Technology,Computer Hardware,"Cupertino, California",320193,2013-09-28,36223000000.0,-1949000000.0,1156000000.0,30.0,-8165000000.0,0.0,93.0,14259000000.0,-973000000.0,19764000000.0,106606000000.0,168.0,0.0,2625000000.0,6757000000.0,50155000000.0,50155000000.0,0.0,0.0,16597000000.0,1577000000.0,38.0,64304000000.0,13118000000.0,4179000000.0,0.0,1764000000.0,-24042000000.0,8320000000.0,16960000000.0,106215000000.0,0.0,0.0,16896000000.0,3513000000.0,53666000000.0,-16379000000.0,-33774000000.0,37037000000.0,3394000000.0,37037000000.0,37037000000.0,24094000000.0,0.0,48999000000.0,29.0,5146000000.0,6882000000.0,7435000000.0,-471000000.0,-1082000000.0,-1567000000.0,20208000000.0,1080000000.0,0.0,29.0,41.0,22.0,164.0,4475000000.0,104256000000.0,-22330000000.0,10830000000.0,0.0,26287000000.0,207000000000.0,73286000000.0,43658000000.0,123549000000.0,83451000000.0,207000000000.0,170910000000.0,0.0,40.03,925231076.692,True
AAPL,2013-02,65.50052663151052,65.25842186458948,64.58661712023684,66.17586518788421,2336008500.0,2013,Apple Inc.,Information Technology,Computer Hardware,"Cupertino, California",320193,2013-09-28,36223000000.0,-1949000000.0,1156000000.0,30.0,-8165000000.0,0.0,93.0,14259000000.0,-973000000.0,19764000000.0,106606000000.0,168.0,0.0,2625000000.0,6757000000.0,50155000000.0,50155000000.0,0.0,0.0,16597000000.0,1577000000.0,38.0,64304000000.0,13118000000.0,4179000000.0,0.0,1764000000.0,-24042000000.0,8320000000.0,16960000000.0,106215000000.0,0.0,0.0,16896000000.0,3513000000.0,53666000000.0,-16379000000.0,-33774000000.0,37037000000.0,3394000000.0,37037000000.0,37037000000.0,24094000000.0,0.0,48999000000.0,29.0,5146000000.0,6882000000.0,7435000000.0,-471000000.0,-1082000000.0,-1567000000.0,20208000000.0,1080000000.0,0.0,29.0,41.0,22.0,164.0,4475000000.0,104256000000.0,-22330000000.0,10830000000.0,0.0,26287000000.0,207000000000.0,73286000000.0,43658000000.0,123549000000.0,83451000000.0,207000000000.0,170910000000.0,0.0,40.03,925231076.692,True
AAPL,2013-03,63.14450072137,63.120142549935,62.47685757138,63.829070671370005,2294219200.0,2013,Apple Inc.,Information Technology,Computer Hardware,"Cupertino, California",320193,2013-09-28,36223000000.0,-1949000000.0,1156000000.0,30.0,-8165000000.0,0.0,93.0,14259000000.0,-973000000.0,19764000000.0,106606000000.0,168.0,0.0,2625000000.0,6757000000.0,50155000000.0,50155000000.0,0.0,0.0,16597000000.0,1577000000.0,38.0,64304000000.0,13118000000.0,4179000000.0,0.0,1764000000.0,-24042000000.0,8320000000.0,16960000000.0,106215000000.0,0.0,0.0,16896000000.0,3513000000.0,53666000000.0,-16379000000.0,-33774000000.0,37037000000.0,3394000000.0,37037000000.0,37037000000.0,24094000000.0,0.0,48999000000.0,29.0,5146000000.0,6882000000.0,7435000000.0,-471000000.0,-1082000000.0,-1567000000.0,20208000000.0,1080000000.0,0.0,29.0,41.0,22.0,164.0,4475000000.0,104256000000.0,-22330000000.0,10830000000.0,0.0,26287000000.0,207000000000.0,73286000000.0,43658000000.0,123549000000.0,83451000000.0,207000000000.0,170910000000.0,0.0,40.03,925231076.692,True
AAPL,2013-04,59.966687818136364,59.966428240195455,59.24603895448636,60.793311545395454,2740872400.0,2013,Apple Inc.,Information Technology,Computer Hardware,"Cupertino, California",320193,2013-09-28,36223000000.0,-1949000000.0,1156000000.0,30.0,-8165000000.0,0.0,93.0,14259000000.0,-973000000.0,19764000000.0,106606000000.0,168.0,0.0,2625000000.0,6757000000.0,50155000000.0,50155000000.0,0.0,0.0,16597000000.0,1577000000.0,38.0,64304000000.0,13118000000.0,4179000000.0,0.0,1764000000.0,-24042000000.0,8320000000.0,16960000000.0,106215000000.0,0.0,0.0,16896000000.0,3513000000.0,53666000000.0,-16379000000.0,-33774000000.0,37037000000.0,3394000000.0,37037000000.0,37037000000.0,24094000000.0,0.0,48999000000.0,29.0,5146000000.0,6882000000.0,7435000000.0,-471000000.0,-1082000000.0,-1567000000.0,20208000000.0,1080000000.0,0.0,29.0,41.0,22.0,164.0,4475000000.0,104256000000.0,-22330000000.0,10830000000.0,0.0,26287000000.0,207000000000.0,73286000000.0,43658000000.0,123549000000.0,83451000000.0,207000000000.0,170910000000.0,0.0,40.03,925231076.692,True
AAPL,2013-05,63.77155841552727,63.77896137007272,63.07077912330454,64.52259774019545,2361882600.0,2013,Apple Inc.,Information Technology,Computer Hardware,"Cupertino, California",320193,2013-09-28,36223000000.0,-1949000000.0,1156000000.0,30.0,-8165000000.0,0.0,93.0,14259000000.0,-973000000.0,19764000000.0,106606000000.0,168.0,0.0,2625000000.0,6757000000.0,50155000000.0,50155000000.0,0.0,0.0,16597000000.0,1577000000.0,38.0,64304000000.0,13118000000.0,4179000000.0,0.0,1764000000.0,-24042000000.0,8320000000.0,16960000000.0,106215000000.0,0.0,0.0,16896000000.0,3513000000.0,53666000000.0,-16379000000.0,-33774000000.0,37037000000.0,3394000000.0,37037000000.0,37037000000.0,24094000000.0,0.0,48999000000.0,29.0,5146000000.0,6882000000.0,7435000000.0,-471000000.0,-1082000000.0,-1567000000.0,20208000000.0,1080000000.0,0.0,29.0,41.0,22.0,164.0,4475000000.0,104256000000.0,-22330000000.0,10830000000.0,0.0,26287000000.0,207000000000.0,73286000000.0,43658000000.0,123549000000.0,83451000000.0,207000000000.0,170910000000.0,0.0,40.03,925231076.692,True
AAPL,2013-06,61.13742865708,60.791142657075,60.29328595708999,61.61007155708499,1754634000.0,2013,Apple Inc.,Information Technology,Computer Hardware,"Cupertino, California",320193,2013-09-28,36223000000.0,-1949000000.0,1156000000.0,30.0,-8165000000.0,0.0,93.0,14259000000.0,-973000000.0,19764000000.0,106606000000.0,168.0,0.0,2625000000.0,6757000000.0,50155000000.0,50155000000.0,0.0,0.0,16597000000.0,1577000000.0,38.0,64304000000.0,13118000000.0,4179000000.0,0.0,1764000000.0,-24042000000.0,8320000000.0,16960000000.0,106215000000.0,0.0,0.0,16896000000.0,3513000000.0,53666000000.0,-16379000000.0,-33774000000.0,37037000000.0,3394000000.0,37037000000.0,37037000000.0,24094000000.0,0.0,48999000000.0,29.0,5146000000.0,6882000000.0,7435000000.0,-471000000.0,-1082000000.0,-1567000000.0,20208000000.0,1080000000.0,0.0,29.0,41.0,22.0,164.0,4475000000.0,104256000000.0,-22330000000.0,10830000000.0,0.0,26287000000.0,207000000000.0,73286000000.0,43658000000.0,123549000000.0,83451000000.0,207000000000.0,170910000000.0,0.0,40.03,925231076.692,True
AAPL,2013-07,61.179610175254545,61.3081817597,60.70097419475,61.81149326617728,1634528700.0,2013,Apple Inc.,Information Technology,Computer Hardware,"Cupertino, California",320193,2013-09-28,36223000000.0,-1949000000.0,1156000000.0,30.0,-8165000000.0,0.0,93.0,14259000000.0,-973000000.0,19764000000.0,106606000000.0,168.0,0.0,2625000000.0,6757000000.0,50155000000.0,50155000000.0,0.0,0.0,16597000000.0,1577000000.0,38.0,64304000000.0,13118000000.0,4179000000.0,0.0,1764000000.0,-24042000000.0,8320000000.0,16960000000.0,106215000000.0,0.0,0.0,16896000000.0,3513000000.0,53666000000.0,-16379000000.0,-33774000000.0,37037000000.0,3394000000.0,37037000000.0,37037000000.0,24094000000.0,0.0,48999000000.0,29.0,5146000000.0,6882000000.0,7435000000.0,-471000000.0,-1082000000.0,-1567000000.0,20208000000.0,1080000000.0,0.0,29.0,41.0,22.0,164.0,4475000000.0,104256000000.0,-22330000000.0,10830000000.0,0.0,26287000000.0,207000000000.0,73286000000.0,43658000000.0,123549000000.0,83451000000.0,207000000000.0,170910000000.0,0.0,40.03,925231076.692,True
AAPL,2013-08,69.15136372071363,69.26337640903637,68.62097409732728,69.90279179863181,2014584600.0,2013,Apple Inc.,Information Technology,Computer Hardware,"Cupertino, California",320193,2013-09-28,36223000000.0,-1949000000.0,1156000000.0,30.0,-8165000000.0,0.0,93.0,14259000000.0,-973000000.0,19764000000.0,106606000000.0,168.0,0.0,2625000000.0,6757000000.0,50155000000.0,50155000000.0,0.0,0.0,16597000000.0,1577000000.0,38.0,64304000000.0,13118000000.0,4179000000.0,0.0,1764000000.0,-24042000000.0,8320000000.0,16960000000.0,106215000000.0,0.0,0.0,16896000000.0,3513000000.0,53666000000.0,-16379000000.0,-33774000000.0,37037000000.0,3394000000.0,37037000000.0,37037000000.0,24094000000.0,0.0,48999000000.0,29.0,5146000000.0,6882000000.0,7435000000.0,-471000000.0,-1082000000.0,-1567000000.0,20208000000.0,1080000000.0,0.0,29.0,41.0,22.0,164.0,4475000000.0,104256000000.0,-22330000000.0,10830000000.0,0.0,26287000000.0,207000000000.0,73286000000.0,43658000000.0,123549000000.0,83451000000.0,207000000000.0,170910000000.0,0.0,40.03,925231076.692,True
AAPL,2013-09,68.96749992136999,68.597785564215,68.12307072851,69.41535680707,2157735300.0,2013,Apple Inc.,Information Technology,Computer Hardware,"Cupertino, California",320193,2013-09-28,36223000000.0,-1949000000.0,1156000000.0,30.0,-8165000000.0,0.0,93.0,14259000000.0,-973000000.0,19764000000.0,106606000000.0,168.0,0.0,2625000000.0,6757000000.0,50155000000.0,50155000000.0,0.0,0.0,16597000000.0,1577000000.0,38.0,64304000000.0,13118000000.0,4179000000.0,0.0,1764000000.0,-24042000000.0,8320000000.0,16960000000.0,106215000000.0,0.0,0.0,16896000000.0,3513000000.0,53666000000.0,-16379000000.0,-33774000000.0,37037000000.0,3394000000.0,37037000000.0,37037000000.0,24094000000.0,0.0,48999000000.0,29.0,5146000000.0,6882000000.0,7435000000.0,-471000000.0,-1082000000.0,-1567000000.0,20208000000.0,1080000000.0,0.0,29.0,41.0,22.0,164.0,4475000000.0,104256000000.0,-22330000000.0,10830000000.0,0.0,26287000000.0,207000000000.0,73286000000.0,43658000000.0,123549000000.0,83451000000.0,207000000000.0,170910000000.0,0.0,40.03,925231076.692,True
AAPL,2013-10,72.02124254030869,72.10639755272175,71.36322983844347,72.67527903098696,1959433000.0,2013,Apple Inc.,Information Technology,Computer Hardware,"Cupertino, California",320193,2013-09-28,36223000000.0,-1949000000.0,1156000000.0,30.0,-8165000000.0,0.0,93.0,14259000000.0,-973000000.0,19764000000.0,106606000000.0,168.0,0.0,2625000000.0,6757000000.0,50155000000.0,50155000000.0,0.0,0.0,16597000000.0,1577000000.0,38.0,64304000000.0,13118000000.0,4179000000.0,0.0,1764000000.0,-24042000000.0,8320000000.0,16960000000.0,106215000000.0,0.0,0.0,16896000000.0,3513000000.0,53666000000.0,-16379000000.0,-33774000000.0,37037000000.0,3394000000.0,37037000000.0,37037000000.0,24094000000.0,0.0,48999000000.0,29.0,5146000000.0,6882000000.0,7435000000.0,-471000000.0,-1082000000.0,-1567000000.0,20208000000.0,1080000000.0,0.0,29.0,41.0,22.0,164.0,4475000000.0,104256000000.0,-22330000000.0,10830000000.0,0.0,26287000000.0,207000000000.0,73286000000.0,43658000000.0,123549000000.0,83451000000.0,207000000000.0,170910000000.0,0.0,40.03,925231076.692,True
AAPL,2013-11,74.745428457085,74.945214078495,74.31757087851,75.40428542136,1306288900.0,2013,Apple Inc.,Information Technology,Computer Hardware,"Cupertino, California",320193,2013-09-28,36223000000.0,-1949000000.0,1156000000.0,30.0,-8165000000.0,0.0,93.0,14259000000.0,-973000000.0,19764000000.0,106606000000.0,168.0,0.0,2625000000.0,6757000000.0,50155000000.0,50155000000.0,0.0,0.0,16597000000.0,1577000000.0,38.0,64304000000.0,13118000000.0,4179000000.0,0.0,1764000000.0,-24042000000.0,8320000000.0,16960000000.0,106215000000.0,0.0,0.0,16896000000.0,3513000000.0,53666000000.0,-16379000000.0,-33774000000.0,37037000000.0,3394000000.0,37037000000.0,37037000000.0,24094000000.0,0.0,48999000000.0,29.0,5146000000.0,6882000000.0,7435000000.0,-471000000.0,-1082000000.0,-1567000000.0,20208000000.0,1080000000.0,0.0,29.0,41.0,22.0,164.0,4475000000.0,104256000000.0,-22330000000.0,10830000000.0,0.0,26287000000.0,207000000000.0,73286000000.0,43658000000.0,123549000000.0,83451000000.0,207000000000.0,170910000000.0,0.0,40.03,925231076.692,True
AAPL,2013-12,80.09258560535714,79.95108758495238,79.48652975503333,80.62217640807619,1764349300.0,2013,Apple Inc.,Information Technology,Computer Hardware,"Cupertino, California",320193,2013-09-28,36223000000.0,-1949000000.0,1156000000.0,30.0,-8165000000.0,0.0,93.0,14259000000.0,-973000000.0,19764000000.0,106606000000.0,168.0,0.0,2625000000.0,6757000000.0,50155000000.0,50155000000.0,0.0,0.0,16597000000.0,1577000000.0,38.0,64304000000.0,13118000000.0,4179000000.0,0.0,1764000000.0,-24042000000.0,8320000000.0,16960000000.0,106215000000.0,0.0,0.0,16896000000.0,3513000000.0,53666000000.0,-16379000000.0,-33774000000.0,37037000000.0,3394000000.0,37037000000.0,37037000000.0,24094000000.0,0.0,48999000000.0,29.0,5146000000.0,6882000000.0,7435000000.0,-471000000.0,-1082000000.0,-1567000000.0,20208000000.0,1080000000.0,0.0,29.0,41.0,22.0,164.0,4475000000.0,104256000000.0,-22330000000.0,10830000000.0,0.0,26287000000.0,207000000000.0,73286000000.0,43658000000.0,123549000000.0,83451000000.0,207000000000.0,170910000000.0,0.0,40.03,925231076.692,True
AAPL,2014-01,76.87156568019999,76.7779592040143,76.15224457816191,77.5492510135381,2191488600.0,2014,Apple Inc.,Information Technology,Computer Hardware,"Cupertino, California",320193,2014-09-27,48649000000.0,-6452000000.0,980000000.0,35.0,-9571000000.0,0.0,40.0,13844000000.0,-76000000.0,23313000000.0,112258000000.0,108.0,0.0,3031000000.0,7946000000.0,53483000000.0,53483000000.0,0.0,0.0,20624000000.0,4616000000.0,39.0,70537000000.0,13973000000.0,4142000000.0,0.0,2111000000.0,-9027000000.0,13408000000.0,28987000000.0,130162000000.0,0.0,0.0,18266000000.0,-415000000.0,59713000000.0,-37549000000.0,-22579000000.0,39510000000.0,5210000000.0,39510000000.0,39510000000.0,31537000000.0,0.0,52503000000.0,29.0,3764000000.0,9806000000.0,8491000000.0,1082000000.0,-1158000000.0,-3981000000.0,24826000000.0,167000000.0,0.0,29.0,48.0,22.0,105.0,6041000000.0,87152000000.0,-44270000000.0,11993000000.0,6308000000.0,11233000000.0,231839000000.0,68531000000.0,63448000000.0,111547000000.0,120292000000.0,231839000000.0,182795000000.0,0.0,6.49,6087827426.81,True
AAPL,2014-02,75.10300726306842,75.22571403000526,74.58947392474737,75.82481223301579,1470091700.0,2014,Apple Inc.,Information Technology,Computer Hardware,"Cupertino, California",320193,2014-09-27,48649000000.0,-6452000000.0,980000000.0,35.0,-9571000000.0,0.0,40.0,13844000000.0,-76000000.0,23313000000.0,112258000000.0,108.0,0.0,3031000000.0,7946000000.0,53483000000.0,53483000000.0,0.0,0.0,20624000000.0,4616000000.0,39.0,70537000000.0,13973000000.0,4142000000.0,0.0,2111000000.0,-9027000000.0,13408000000.0,28987000000.0,130162000000.0,0.0,0.0,18266000000.0,-415000000.0,59713000000.0,-37549000000.0,-22579000000.0,39510000000.0,5210000000.0,39510000000.0,39510000000.0,31537000000.0,0.0,52503000000.0,29.0,3764000000.0,9806000000.0,8491000000.0,1082000000.0,-1158000000.0,-3981000000.0,24826000000.0,167000000.0,0.0,29.0,48.0,22.0,105.0,6041000000.0,87152000000.0,-44270000000.0,11993000000.0,6308000000.0,11233000000.0,231839000000.0,68531000000.0,63448000000.0,111547000000.0,120292000000.0,231839000000.0,182795000000.0,0.0,6.49,6087827426.81,True
AAPL,2014-03,76.22761861898572,76.17346845570952,75.72442154414762,76.63625880945715,1250424700.0,2014,Apple Inc.,Information Technology,Computer Hardware,"Cupertino, California",320193,2014-09-27,48649000000.0,-6452000000.0,980000000.0,35.0,-9571000000.0,0.0,40.0,13844000000.0,-76000000.0,23313000000.0,112258000000.0,108.0,0.0,3031000000.0,7946000000.0,53483000000.0,53483000000.0,0.0,0.0,20624000000.0,4616000000.0,39.0,70537000000.0,13973000000.0,4142000000.0,0.0,2111000000.0,-9027000000.0,13408000000.0,28987000000.0,130162000000.0,0.0,0.0,18266000000.0,-415000000.0,59713000000.0,-37549000000.0,-22579000000.0,39510000000.0,5210000000.0,39510000000.0,39510000000.0,31537000000.0,0.0,52503000000.0,29.0,3764000000.0,9806000000.0,8491000000.0,1082000000.0,-1158000000.0,-3981000000.0,24826000000.0,167000000.0,0.0,29.0,48.0,22.0,105.0,6041000000.0,87152000000.0,-44270000000.0,11993000000.0,6308000000.0,11233000000.0,231839000000.0,68531000000.0,63448000000.0,111547000000.0,120292000000.0,231839000000.0,182795000000.0,0.0,6.49,6087827426.81,True
AAPL,2014-04,77.15455844890477,77.29632714278571,76.60891105434287,77.7641503536619,1608765200.0,2014,Apple Inc.,Information Technology,Computer Hardware,"Cupertino, California",320193,2014-09-27,48649000000.0,-6452000000.0,980000000.0,35.0,-9571000000.0,0.0,40.0,13844000000.0,-76000000.0,23313000000.0,112258000000.0,108.0,0.0,3031000000.0,7946000000.0,53483000000.0,53483000000.0,0.0,0.0,20624000000.0,4616000000.0,39.0,70537000000.0,13973000000.0,4142000000.0,0.0,2111000000.0,-9027000000.0,13408000000.0,28987000000.0,130162000000.0,0.0,0.0,18266000000.0,-415000000.0,59713000000.0,-37549000000.0,-22579000000.0,39510000000.0,5210000000.0,39510000000.0,39510000000.0,31537000000.0,0.0,52503000000.0,29.0,3764000000.0,9806000000.0,8491000000.0,1082000000.0,-1158000000.0,-3981000000.0,24826000000.0,167000000.0,0.0,29.0,48.0,22.0,105.0,6041000000.0,87152000000.0,-44270000000.0,11993000000.0,6308000000.0,11233000000.0,231839000000.0,68531000000.0,63448000000.0,111547000000.0,120292000000.0,231839000000.0,182795000000.0,0.0,6.49,6087827426.81,True
AAPL,2014-05,85.90027180944286,86.17081741488094,85.47612254412381,86.62469336726191,1433917100.0,2014,Apple Inc.,Information Technology,Computer Hardware,"Cupertino, California",320193,2014-09-27,48649000000.0,-6452000000.0,980000000.0,35.0,-9571000000.0,0.0,40.0,13844000000.0,-76000000.0,23313000000.0,112258000000.0,108.0,0.0,3031000000.0,7946000000.0,53483000000.0,53483000000.0,0.0,0.0,20624000000.0,4616000000.0,39.0,70537000000.0,13973000000.0,4142000000.0,0.0,2111000000.0,-9027000000.0,13408000000.0,28987000000.0,130162000000.0,0.0,0.0,18266000000.0,-415000000.0,59713000000.0,-37549000000.0,-22579000000.0,39510000000.0,5210000000.0,39510000000.0,39510000000.0,31537000000.0,0.0,52503000000.0,29.0,3764000000.0,9806000000.0,8491000000.0,1082000000.0,-1158000000.0,-3981000000.0,24826000000.0,167000000.0,0.0,29.0,48.0,22.0,105.0,6041000000.0,87152000000.0,-44270000000.0,11993000000.0,6308000000.0,11233000000.0,231839000000.0,68531000000.0,63448000000.0,111547000000.0,120292000000.0,231839000000.0,182795000000.0,0.0,6.49,6087827426.81,True
AAPL,2014-06,91.91265252378571,91.88544255780477,91.1871428435143,92.57040910881905,1206934800.0,2014,Apple Inc.,Information Technology,Computer Hardware,"Cupertino, California",320193,2014-09-27,48649000000.0,-6452000000.0,980000000.0,35.0,-9571000000.0,0.0,40.0,13844000000.0,-76000000.0,23313000000.0,112258000000.0,108.0,0.0,3031000000.0,7946000000.0,53483000000.0,53483000000.0,0.0,0.0,20624000000.0,4616000000.0,39.0,70537000000.0,13973000000.0,4142000000.0,0.0,2111000000.0,-9027000000.0,13408000000.0,28987000000.0,130162000000.0,0.0,0.0,18266000000.0,-415000000.0,59713000000.0,-37549000000.0,-22579000000.0,39510000000.0,5210000000.0,39510000000.0,39510000000.0,31537000000.0,0.0,52503000000.0,29.0,3764000000.0,9806000000.0,8491000000.0,1082000000.0,-1158000000.0,-3981000000.0,24826000000.0,167000000.0,0.0,29.0,48.0,22.0,105.0,6041000000.0,87152000000.0,-44270000000.0,11993000000.0,6308000000.0,11233000000.0,231839000000.0,68531000000.0,63448000000.0,111547000000.0,120292000000.0,231839000000.0,182795000000.0,0.0,6.49,6087827426.81,True
AAPL,2014-07,95.72909131818182,95.62590850000001,94.83909018181818,96.41045336363636,1035086000.0,2014,Apple Inc.,Information Technology,Computer Hardware,"Cupertino, California",320193,2014-09-27,48649000000.0,-6452000000.0,980000000.0,35.0,-9571000000.0,0.0,40.0,13844000000.0,-76000000.0,23313000000.0,112258000000.0,108.0,0.0,3031000000.0,7946000000.0,53483000000.0,53483000000.0,0.0,0.0,20624000000.0,4616000000.0,39.0,70537000000.0,13973000000.0,4142000000.0,0.0,2111000000.0,-9027000000.0,13408000000.0,28987000000.0,130162000000.0,0.0,0.0,18266000000.0,-415000000.0,59713000000.0,-37549000000.0,-22579000000.0,39510000000.0,5210000000.0,39510000000.0,39510000000.0,31537000000.0,0.0,52503000000.0,29.0,3764000000.0,9806000000.0,8491000000.0,1082000000.0,-1158000000.0,-3981000000.0,24826000000.0,167000000.0,0.0,29.0,48.0,22.0,105.0,6041000000.0,87152000000.0,-44270000000.0,11993000000.0,6308000000.0,11233000000.0,231839000000.0,68531000000.0,63448000000.0,111547000000.0,120292000000.0,231839000000.0,182795000000.0,0.0,6.49,6087827426.81,True
AAPL,2014-08,98.14952428571429,98.43666657142856,97.65380904761903,98.88380976190476,937077000.0,2014,Apple Inc.,Information Technology,Computer Hardware,"Cupertino, California",320193,2014-09-27,48649000000.0,-6452000000.0,980000000.0,35.0,-9571000000.0,0.0,40.0,13844000000.0,-76000000.0,23313000000.0,112258000000.0,108.0,0.0,3031000000.0,7946000000.0,53483000000.0,53483000000.0,0.0,0.0,20624000000.0,4616000000.0,39.0,70537000000.0,13973000000.0,4142000000.0,0.0,2111000000.0,-9027000000.0,13408000000.0,28987000000.0,130162000000.0,0.0,0.0,18266000000.0,-415000000.0,59713000000.0,-37549000000.0,-22579000000.0,39510000000.0,5210000000.0,39510000000.0,39510000000.0,31537000000.0,0.0,52503000000.0,29.0,3764000000.0,9806000000.0,8491000000.0,1082000000.0,-1158000000.0,-3981000000.0,24826000000.0,167000000.0,0.0,29.0,48.0,22.0,105.0,6041000000.0,87152000000.0,-44270000000.0,11993000000.0,6308000000.0,11233000000.0,231839000000.0,68531000000.0,63448000000.0,111547000000.0,120292000000.0,231839000000.0,182795000000.0,0.0,6.49,6087827426.81,True
AAPL,2014-09,100.61809580952381,100.54857204761905,99.55380976190476,101.70142857142858,1526420000.0,2014,Apple Inc.,Information Technology,Computer Hardware,"Cupertino, California",320193,2014-09-27,48649000000.0,-6452000000.0,980000000.0,35.0,-9571000000.0,0.0,40.0,13844000000.0,-76000000.0,23313000000.0,112258000000.0,108.0,0.0,3031000000.0,7946000000.0,53483000000.0,53483000000.0,0.0,0.0,20624000000.0,4616000000.0,39.0,70537000000.0,13973000000.0,4142000000.0,0.0,2111000000.0,-9027000000.0,13408000000.0,28987000000.0,130162000000.0,0.0,0.0,18266000000.0,-415000000.0,59713000000.0,-37549000000.0,-22579000000.0,39510000000.0,5210000000.0,39510000000.0,39510000000.0,31537000000.0,0.0,52503000000.0,29.0,3764000000.0,9806000000.0,8491000000.0,1082000000.0,-1158000000.0,-3981000000.0,24826000000.0,167000000.0,0.0,29.0,48.0,22.0,105.0,6041000000.0,87152000000.0,-44270000000.0,11993000000.0,6308000000.0,11233000000.0,231839000000.0,68531000000.0,63448000000.0,111547000000.0,120292000000.0,231839000000.0,182795000000.0,0.0,6.49,6087827426.81,True
AAPL,2014-10,101.63999999999999,101.69956573913043,100.81304308695653,102.53000017391305,1360280200.0,2014,Apple Inc.,Information Technology,Computer Hardware,"Cupertino, California",320193,2014-09-27,48649000000.0,-6452000000.0,980000000.0,35.0,-9571000000.0,0.0,40.0,13844000000.0,-76000000.0,23313000000.0,112258000000.0,108.0,0.0,3031000000.0,7946000000.0,53483000000.0,53483000000.0,0.0,0.0,20624000000.0,4616000000.0,39.0,70537000000.0,13973000000.0,4142000000.0,0.0,2111000000.0,-9027000000.0,13408000000.0,28987000000.0,130162000000.0,0.0,0.0,18266000000.0,-415000000.0,59713000000.0,-37549000000.0,-22579000000.0,39510000000.0,5210000000.0,39510000000.0,39510000000.0,31537000000.0,0.0,52503000000.0,29.0,3764000000.0,9806000000.0,8491000000.0,1082000000.0,-1158000000.0,-3981000000.0,24826000000.0,167000000.0,0.0,29.0,48.0,22.0,105.0,6041000000.0,87152000000.0,-44270000000.0,11993000000.0,6308000000.0,11233000000.0,231839000000.0,68531000000.0,63448000000.0,111547000000.0,120292000000.0,231839000000.0,182795000000.0,0.0,6.49,6087827426.81,True
AAPL,2014-11,112.90947357894737,113.28526263157895,112.1726322631579,113.97421068421052,820408200.0,2014,Apple Inc.,Information Technology,Computer Hardware,"Cupertino, California",320193,2014-09-27,48649000000.0,-6452000000.0,980000000.0,35.0,-9571000000.0,0.0,40.0,13844000000.0,-76000000.0,23313000000.0,112258000000.0,108.0,0.0,3031000000.0,7946000000.0,53483000000.0,53483000000.0,0.0,0.0,20624000000.0,4616000000.0,39.0,70537000000.0,13973000000.0,4142000000.0,0.0,2111000000.0,-9027000000.0,13408000000.0,28987000000.0,130162000000.0,0.0,0.0,18266000000.0,-415000000.0,59713000000.0,-37549000000.0,-22579000000.0,39510000000.0,5210000000.0,39510000000.0,39510000000.0,31537000000.0,0.0,52503000000.0,29.0,3764000000.0,9806000000.0,8491000000.0,1082000000.0,-1158000000.0,-3981000000.0,24826000000.0,167000000.0,0.0,29.0,48.0,22.0,105.0,6041000000.0,87152000000.0,-44270000000.0,11993000000.0,6308000000.0,11233000000.0,231839000000.0,68531000000.0,63448000000.0,111547000000.0,120292000000.0,231839000000.0,182795000000.0,0.0,6.49,6087827426.81,True
AAPL,2014-12,112.72181877272727,112.41136418181819,111.30500031818183,113.97545418181818,1073594600.0,2014,Apple Inc.,Information Technology,Computer Hardware,"Cupertino, California",320193,2014-09-27,48649000000.0,-6452000000.0,980000000.0,35.0,-9571000000.0,0.0,40.0,13844000000.0,-76000000.0,23313000000.0,112258000000.0,108.0,0.0,3031000000.0,7946000000.0,53483000000.0,53483000000.0,0.0,0.0,20624000000.0,4616000000.0,39.0,70537000000.0,13973000000.0,4142000000.0,0.0,2111000000.0,-9027000000.0,13408000000.0,28987000000.0,130162000000.0,0.0,0.0,18266000000.0,-415000000.0,59713000000.0,-37549000000.0,-22579000000.0,39510000000.0,5210000000.0,39510000000.0,39510000000.0,31537000000.0,0.0,52503000000.0,29.0,3764000000.0,9806000000.0,8491000000.0,1082000000.0,-1158000000.0,-3981000000.0,24826000000.0,167000000.0,0.0,29.0,48.0,22.0,105.0,6041000000.0,87152000000.0,-44270000000.0,11993000000.0,6308000000.0,11233000000.0,231839000000.0,68531000000.0,63448000000.0,111547000000.0,120292000000.0,231839000000.0,182795000000.0,0.0,6.49,6087827426.81,True
AAPL,2015-01,111.1639995,110.64150084999999,109.33199964999999,112.2540005,1304643800.0,2015,Apple Inc.,Information Technology,Computer Hardware,"Cupertino, California",320193,2015-09-26,60671000000.0,-3124000000.0,1285000000.0,45.0,-11247000000.0,0.0,52.0,21120000000.0,-238000000.0,27416000000.0,140089000000.0,111.0,0.0,3624000000.0,11257000000.0,72515000000.0,72515000000.0,0.0,0.0,22471000000.0,5116000000.0,40.0,93626000000.0,19121000000.0,3893000000.0,0.0,2349000000.0,-44417000000.0,15188000000.0,53329000000.0,164065000000.0,0.0,0.0,29305000000.0,7276000000.0,81266000000.0,-17716000000.0,-56274000000.0,53394000000.0,4968000000.0,53394000000.0,53394000000.0,30343000000.0,0.0,71230000000.0,30.0,5422000000.0,15085000000.0,8940000000.0,-345000000.0,-1499000000.0,-610000000.0,33427000000.0,-179000000.0,0.0,31.0,61.0,23.0,108.0,8067000000.0,92284000000.0,-34710000000.0,14329000000.0,10999000000.0,20481000000.0,290345000000.0,89378000000.0,80610000000.0,119355000000.0,170990000000.0,290345000000.0,233715000000.0,0.0,9.28,5753663793.1,True
AAPL,2015-02,125.02368289473684,125.4321047894737,124.03105294736842,126.14473757894739,1136535200.0,2015,Apple Inc.,Information Technology,Computer Hardware,"Cupertino, California",320193,2015-09-26,60671000000.0,-3124000000.0,1285000000.0,45.0,-11247000000.0,0.0,52.0,21120000000.0,-238000000.0,27416000000.0,140089000000.0,111.0,0.0,3624000000.0,11257000000.0,72515000000.0,72515000000.0,0.0,0.0,22471000000.0,5116000000.0,40.0,93626000000.0,19121000000.0,3893000000.0,0.0,2349000000.0,-44417000000.0,15188000000.0,53329000000.0,164065000000.0,0.0,0.0,29305000000.0,7276000000.0,81266000000.0,-17716000000.0,-56274000000.0,53394000000.0,4968000000.0,53394000000.0,53394000000.0,30343000000.0,0.0,71230000000.0,30.0,5422000000.0,15085000000.0,8940000000.0,-345000000.0,-1499000000.0,-610000000.0,33427000000.0,-179000000.0,0.0,31.0,61.0,23.0,108.0,8067000000.0,92284000000.0,-34710000000.0,14329000000.0,10999000000.0,20481000000.0,290345000000.0,89378000000.0,80610000000.0,119355000000.0,170990000000.0,290345000000.0,233715000000.0,0.0,9.28,5753663793.1,True
AAPL,2015-03,126.4663645,125.97090836363637,124.98591,127.43636295454544,1138642100.0,2015,Apple Inc.,Information Technology,Computer Hardware,"Cupertino, California",320193,2015-09-26,60671000000.0,-3124000000.0,1285000000.0,45.0,-11247000000.0,0.0,52.0,21120000000.0,-238000000.0,27416000000.0,140089000000.0,111.0,0.0,3624000000.0,11257000000.0,72515000000.0,72515000000.0,0.0,0.0,22471000000.0,5116000000.0,40.0,93626000000.0,19121000000.0,3893000000.0,0.0,2349000000.0,-44417000000.0,15188000000.0,53329000000.0,164065000000.0,0.0,0.0,29305000000.0,7276000000.0,81266000000.0,-17716000000.0,-56274000000.0,53394000000.0,4968000000.0,53394000000.0,53394000000.0,30343000000.0,0.0,71230000000.0,30.0,5422000000.0,15085000000.0,8940000000.0,-345000000.0,-1499000000.0,-610000000.0,33427000000.0,-179000000.0,0.0,31.0,61.0,23.0,108.0,8067000000.0,92284000000.0,-34710000000.0,14329000000.0,10999000000.0,20481000000.0,290345000000.0,89378000000.0,80610000000.0,119355000000.0,170990000000.0,290345000000.0,233715000000.0,0.0,9.28,5753663793.1,True
AAPL,2015-04,127.53523871428573,127.29142757142857,126.22476266666665,128.4223802857143,996135500.0,2015,Apple Inc.,Information Technology,Computer Hardware,"Cupertino, California",320193,2015-09-26,60671000000.0,-3124000000.0,1285000000.0,45.0,-11247000000.0,0.0,52.0,21120000000.0,-238000000.0,27416000000.0,140089000000.0,111.0,0.0,3624000000.0,11257000000.0,72515000000.0,72515000000.0,0.0,0.0,22471000000.0,5116000000.0,40.0,93626000000.0,19121000000.0,3893000000.0,0.0,2349000000.0,-44417000000.0,15188000000.0,53329000000.0,164065000000.0,0.0,0.0,29305000000.0,7276000000.0,81266000000.0,-17716000000.0,-56274000000.0,53394000000.0,4968000000.0,53394000000.0,53394000000.0,30343000000.0,0.0,71230000000.0,30.0,5422000000.0,15085000000.0,8940000000.0,-345000000.0,-1499000000.0,-610000000.0,33427000000.0,-179000000.0,0.0,31.0,61.0,23.0,108.0,8067000000.0,92284000000.0,-34710000000.0,14329000000.0,10999000000.0,20481000000.0,290345000000.0,89378000000.0,80610000000.0,119355000000.0,170990000000.0,290345000000.0,233715000000.0,0.0,9.28,5753663793.1,True
AAPL,2015-05,128.7075008,128.76149975,127.66299985,129.7710007,954152100.0,2015,Apple Inc.,Information Technology,Computer Hardware,"Cupertino, California",320193,2015-09-26,60671000000.0,-3124000000.0,1285000000.0,45.0,-11247000000.0,0.0,52.0,21120000000.0,-238000000.0,27416000000.0,140089000000.0,111.0,0.0,3624000000.0,11257000000.0,72515000000.0,72515000000.0,0.0,0.0,22471000000.0,5116000000.0,40.0,93626000000.0,19121000000.0,3893000000.0,0.0,2349000000.0,-44417000000.0,15188000000.0,53329000000.0,164065000000.0,0.0,0.0,29305000000.0,7276000000.0,81266000000.0,-17716000000.0,-56274000000.0,53394000000.0,4968000000.0,53394000000.0,53394000000.0,30343000000.0,0.0,71230000000.0,30.0,5422000000.0,15085000000.0,8940000000.0,-345000000.0,-1499000000.0,-610000000.0,33427000000.0,-179000000.0,0.0,31.0,61.0,23.0,108.0,8067000000.0,92284000000.0,-34710000000.0,14329000000.0,10999000000.0,20481000000.0,290345000000.0,89378000000.0,80610000000.0,119355000000.0,170990000000.0,290345000000.0,233715000000.0,0.0,9.28,5753663793.1,True
AAPL,2015-06,128.0136358181818,127.80681745454545,127.24091,128.76136368181818,878512600.0,2015,Apple Inc.,Information Technology,Computer Hardware,"Cupertino, California",320193,2015-09-26,60671000000.0,-3124000000.0,1285000000.0,45.0,-11247000000.0,0.0,52.0,21120000000.0,-238000000.0,27416000000.0,140089000000.0,111.0,0.0,3624000000.0,11257000000.0,72515000000.0,72515000000.0,0.0,0.0,22471000000.0,5116000000.0,40.0,93626000000.0,19121000000.0,3893000000.0,0.0,2349000000.0,-44417000000.0,15188000000.0,53329000000.0,164065000000.0,0.0,0.0,29305000000.0,7276000000.0,81266000000.0,-17716000000.0,-56274000000.0,53394000000.0,4968000000.0,53394000000.0,53394000000.0,30343000000.0,0.0,71230000000.0,30.0,5422000000.0,15085000000.0,8940000000.0,-345000000.0,-1499000000.0,-610000000.0,33427000000.0,-179000000.0,0.0,31.0,61.0,23.0,108.0,8067000000.0,92284000000.0,-34710000000.0,14329000000.0,10999000000.0,20481000000.0,290345000000.0,89378000000.0,80610000000.0,119355000000.0,170990000000.0,290345000000.0,233715000000.0,0.0,9.28,5753663793.1,True
AAPL,2015-07,125.45045463636365,125.33545481818182,124.3399999090909,126.2036368181818,1057507200.0,2015,Apple Inc.,Information Technology,Computer Hardware,"Cupertino, California",320193,2015-09-26,60671000000.0,-3124000000.0,1285000000.0,45.0,-11247000000.0,0.0,52.0,21120000000.0,-238000000.0,27416000000.0,140089000000.0,111.0,0.0,3624000000.0,11257000000.0,72515000000.0,72515000000.0,0.0,0.0,22471000000.0,5116000000.0,40.0,93626000000.0,19121000000.0,3893000000.0,0.0,2349000000.0,-44417000000.0,15188000000.0,53329000000.0,164065000000.0,0.0,0.0,29305000000.0,7276000000.0,81266000000.0,-17716000000.0,-56274000000.0,53394000000.0,4968000000.0,53394000000.0,53394000000.0,30343000000.0,0.0,71230000000.0,30.0,5422000000.0,15085000000.0,8940000000.0,-345000000.0,-1499000000.0,-610000000.0,33427000000.0,-179000000.0,0.0,31.0,61.0,23.0,108.0,8067000000.0,92284000000.0,-34710000000.0,14329000000.0,10999000000.0,20481000000.0,290345000000.0,89378000000.0,80610000000.0,119355000000.0,170990000000.0,290345000000.0,233715000000.0,0.0,9.28,5753663793.1,True
AAPL,2015-08,113.43952361904762,113.39476233333332,111.29095242857143,115.4999997142857,1605978300.0,2015,Apple Inc.,Information Technology,Computer Hardware,"Cupertino, California",320193,2015-09-26,60671000000.0,-3124000000.0,1285000000.0,45.0,-11247000000.0,0.0,52.0,21120000000.0,-238000000.0,27416000000.0,140089000000.0,111.0,0.0,3624000000.0,11257000000.0,72515000000.0,72515000000.0,0.0,0.0,22471000000.0,5116000000.0,40.0,93626000000.0,19121000000.0,3893000000.0,0.0,2349000000.0,-44417000000.0,15188000000.0,53329000000.0,164065000000.0,0.0,0.0,29305000000.0,7276000000.0,81266000000.0,-17716000000.0,-56274000000.0,53394000000.0,4968000000.0,53394000000.0,53394000000.0,30343000000.0,0.0,71230000000.0,30.0,5422000000.0,15085000000.0,8940000000.0,-345000000.0,-1499000000.0,-610000000.0,33427000000.0,-179000000.0,0.0,31.0,61.0,23.0,108.0,8067000000.0,92284000000.0,-34710000000.0,14329000000.0,10999000000.0,20481000000.0,290345000000.0,89378000000.0,80610000000.0,119355000000.0,170990000000.0,290345000000.0,233715000000.0,0.0,9.28,5753663793.1,True
AAPL,2015-09,113.012381,112.79761880952381,111.52381033333333,114.20714242857143,1206547300.0,2015,Apple Inc.,Information Technology,Computer Hardware,"Cupertino, California",320193,2015-09-26,60671000000.0,-3124000000.0,1285000000.0,45.0,-11247000000.0,0.0,52.0,21120000000.0,-238000000.0,27416000000.0,140089000000.0,111.0,0.0,3624000000.0,11257000000.0,72515000000.0,72515000000.0,0.0,0.0,22471000000.0,5116000000.0,40.0,93626000000.0,19121000000.0,3893000000.0,0.0,2349000000.0,-44417000000.0,15188000000.0,53329000000.0,164065000000.0,0.0,0.0,29305000000.0,7276000000.0,81266000000.0,-17716000000.0,-56274000000.0,53394000000.0,4968000000.0,53394000000.0,53394000000.0,30343000000.0,0.0,71230000000.0,30.0,5422000000.0,15085000000.0,8940000000.0,-345000000.0,-1499000000.0,-610000000.0,33427000000.0,-179000000.0,0.0,31.0,61.0,23.0,108.0,8067000000.0,92284000000.0,-34710000000.0,14329000000.0,10999000000.0,20481000000.0,290345000000.0,89378000000.0,80610000000.0,119355000000.0,170990000000.0,290345000000.0,233715000000.0,0.0,9.28,5753663793.1,True
AAPL,2015-10,112.92454527272729,113.36,111.87545372727273,114.13227286363636,1112323100.0,2015,Apple Inc.,Information Technology,Computer Hardware,"Cupertino, California",320193,2015-09-26,60671000000.0,-3124000000.0,1285000000.0,45.0,-11247000000.0,0.0,52.0,21120000000.0,-238000000.0,27416000000.0,140089000000.0,111.0,0.0,3624000000.0,11257000000.0,72515000000.0,72515000000.0,0.0,0.0,22471000000.0,5116000000.0,40.0,93626000000.0,19121000000.0,3893000000.0,0.0,2349000000.0,-44417000000.0,15188000000.0,53329000000.0,164065000000.0,0.0,0.0,29305000000.0,7276000000.0,81266000000.0,-17716000000.0,-56274000000.0,53394000000.0,4968000000.0,53394000000.0,53394000000.0,30343000000.0,0.0,71230000000.0,30.0,5422000000.0,15085000000.0,8940000000.0,-345000000.0,-1499000000.0,-610000000.0,33427000000.0,-179000000.0,0.0,31.0,61.0,23.0,108.0,8067000000.0,92284000000.0,-34710000000.0,14329000000.0,10999000000.0,20481000000.0,290345000000.0,89378000000.0,80610000000.0,119355000000.0,170990000000.0,290345000000.0,233715000000.0,0.0,9.28,5753663793.1,True
AAPL,2015-11,118.21799965,118.16249965,117.2564999,119.27200020000001,750640600.0,2015,Apple Inc.,Information Technology,Computer Hardware,"Cupertino, California",320193,2015-09-26,60671000000.0,-3124000000.0,1285000000.0,45.0,-11247000000.0,0.0,52.0,21120000000.0,-238000000.0,27416000000.0,140089000000.0,111.0,0.0,3624000000.0,11257000000.0,72515000000.0,72515000000.0,0.0,0.0,22471000000.0,5116000000.0,40.0,93626000000.0,19121000000.0,3893000000.0,0.0,2349000000.0,-44417000000.0,15188000000.0,53329000000.0,164065000000.0,0.0,0.0,29305000000.0,7276000000.0,81266000000.0,-17716000000.0,-56274000000.0,53394000000.0,4968000000.0,53394000000.0,53394000000.0,30343000000.0,0.0,71230000000.0,30.0,5422000000.0,15085000000.0,8940000000.0,-345000000.0,-1499000000.0,-610000000.0,33427000000.0,-179000000.0,0.0,31.0,61.0,23.0,108.0,8067000000.0,92284000000.0,-34710000000.0,14329000000.0,10999000000.0,20481000000.0,290345000000.0,89378000000.0,80610000000.0,119355000000.0,170990000000.0,290345000000.0,233715000000.0,0.0,9.28,5753663793.1,True
AAPL,2015-12,112.29590918181817,111.72681809090909,110.74181822727273,113.02136363636365,921529700.0,2015,Apple Inc.,Information Technology,Computer Hardware,"Cupertino, California",320193,2015-09-26,60671000000.0,-3124000000.0,1285000000.0,45.0,-11247000000.0,0.0,52.0,21120000000.0,-238000000.0,27416000000.0,140089000000.0,111.0,0.0,3624000000.0,11257000000.0,72515000000.0,72515000000.0,0.0,0.0,22471000000.0,5116000000.0,40.0,93626000000.0,19121000000.0,3893000000.0,0.0,2349000000.0,-44417000000.0,15188000000.0,53329000000.0,164065000000.0,0.0,0.0,29305000000.0,7276000000.0,81266000000.0,-17716000000.0,-56274000000.0,53394000000.0,4968000000.0,53394000000.0,53394000000.0,30343000000.0,0.0,71230000000.0,30.0,5422000000.0,15085000000.0,8940000000.0,-345000000.0,-1499000000.0,-610000000.0,33427000000.0,-179000000.0,0.0,31.0,61.0,23.0,108.0,8067000000.0,92284000000.0,-34710000000.0,14329000000.0,10999000000.0,20481000000.0,290345000000.0,89378000000.0,80610000000.0,119355000000.0,170990000000.0,290345000000.0,233715000000.0,0.0,9.28,5753663793.1,True
AAPL,2016-01,98.7063157368421,98.42894615789474,96.92842094736842,99.9494732631579,1271024100.0,2016,Apple Inc.,Information Technology,Computer Hardware,"Cupertino, California",320193,2016-09-24,59321000000.0,1044000000.0,1348000000.0,36.0,-12734000000.0,0.0,85.0,20484000000.0,217000000.0,31251000000.0,131376000000.0,135.0,0.0,2930000000.0,10505000000.0,61372000000.0,61372000000.0,0.0,0.0,27010000000.0,5414000000.0,39.0,84263000000.0,15685000000.0,3206000000.0,0.0,2132000000.0,-32022000000.0,-1867000000.0,75427000000.0,170430000000.0,0.0,0.0,22057000000.0,-636000000.0,65824000000.0,-20483000000.0,-45977000000.0,45687000000.0,9148000000.0,45687000000.0,45687000000.0,29299000000.0,0.0,60024000000.0,28.0,8757000000.0,8283000000.0,8080000000.0,634000000.0,-1570000000.0,-1221000000.0,36074000000.0,1090000000.0,0.0,28.0,48.0,21.0,133.0,10045000000.0,96364000000.0,-29227000000.0,14194000000.0,11605000000.0,46671000000.0,321686000000.0,106869000000.0,79006000000.0,128249000000.0,193437000000.0,321686000000.0,215639000000.0,0.0,8.35,5471497005.99,True
AAPL,2016-02,95.69599955,95.7464999,94.71150055000001,96.72749965,810862600.0,2016,Apple Inc.,Information Technology,Computer Hardware,"Cupertino, California",320193,2016-09-24,59321000000.0,1044000000.0,1348000000.0,36.0,-12734000000.0,0.0,85.0,20484000000.0,217000000.0,31251000000.0,131376000000.0,135.0,0.0,2930000000.0,10505000000.0,61372000000.0,61372000000.0,0.0,0.0,27010000000.0,5414000000.0,39.0,84263000000.0,15685000000.0,3206000000.0,0.0,2132000000.0,-32022000000.0,-1867000000.0,75427000000.0,170430000000.0,0.0,0.0,22057000000.0,-636000000.0,65824000000.0,-20483000000.0,-45977000000.0,45687000000.0,9148000000.0,45687000000.0,45687000000.0,29299000000.0,0.0,60024000000.0,28.0,8757000000.0,8283000000.0,8080000000.0,634000000.0,-1570000000.0,-1221000000.0,36074000000.0,1090000000.0,0.0,28.0,48.0,21.0,133.0,10045000000.0,96364000000.0,-29227000000.0,14194000000.0,11605000000.0,46671000000.0,321686000000.0,106869000000.0,79006000000.0,128249000000.0,193437000000.0,321686000000.0,215639000000.0,0.0,8.35,5471497005.99,True
AAPL,2016-03,103.81681863636364,104.26727295454545,103.23136272727274,104.89727304545454,746049600.0,2016,Apple Inc.,Information Technology,Computer Hardware,"Cupertino, California",320193,2016-09-24,59321000000.0,1044000000.0,1348000000.0,36.0,-12734000000.0,0.0,85.0,20484000000.0,217000000.0,31251000000.0,131376000000.0,135.0,0.0,2930000000.0,10505000000.0,61372000000.0,61372000000.0,0.0,0.0,27010000000.0,5414000000.0,39.0,84263000000.0,15685000000.0,3206000000.0,0.0,2132000000.0,-32022000000.0,-1867000000.0,75427000000.0,170430000000.0,0.0,0.0,22057000000.0,-636000000.0,65824000000.0,-20483000000.0,-45977000000.0,45687000000.0,9148000000.0,45687000000.0,45687000000.0,29299000000.0,0.0,60024000000.0,28.0,8757000000.0,8283000000.0,8080000000.0,634000000.0,-1570000000.0,-1221000000.0,36074000000.0,1090000000.0,0.0,28.0,48.0,21.0,133.0,10045000000.0,96364000000.0,-29227000000.0,14194000000.0,11605000000.0,46671000000.0,321686000000.0,106869000000.0,79006000000.0,128249000000.0,193437000000.0,321686000000.0,215639000000.0,0.0,8.35,5471497005.99,True
AAPL,2016-04,106.78571461904762,106.73904780952381,105.85523880952381,107.75904761904762,872396200.0,2016,Apple Inc.,Information Technology,Computer Hardware,"Cupertino, California",320193,2016-09-24,59321000000.0,1044000000.0,1348000000.0,36.0,-12734000000.0,0.0,85.0,20484000000.0,217000000.0,31251000000.0,131376000000.0,135.0,0.0,2930000000.0,10505000000.0,61372000000.0,61372000000.0,0.0,0.0,27010000000.0,5414000000.0,39.0,84263000000.0,15685000000.0,3206000000.0,0.0,2132000000.0,-32022000000.0,-1867000000.0,75427000000.0,170430000000.0,0.0,0.0,22057000000.0,-636000000.0,65824000000.0,-20483000000.0,-45977000000.0,45687000000.0,9148000000.0,45687000000.0,45687000000.0,29299000000.0,0.0,60024000000.0,28.0,8757000000.0,8283000000.0,8080000000.0,634000000.0,-1570000000.0,-1221000000.0,36074000000.0,1090000000.0,0.0,28.0,48.0,21.0,133.0,10045000000.0,96364000000.0,-29227000000.0,14194000000.0,11605000000.0,46671000000.0,321686000000.0,106869000000.0,79006000000.0,128249000000.0,193437000000.0,321686000000.0,215639000000.0,0.0,8.35,5471497005.99,True
AAPL,2016-05,94.95857190476191,94.97476157142857,94.04904719047619,95.69476138095239,900318100.0,2016,Apple Inc.,Information Technology,Computer Hardware,"Cupertino, California",320193,2016-09-24,59321000000.0,1044000000.0,1348000000.0,36.0,-12734000000.0,0.0,85.0,20484000000.0,217000000.0,31251000000.0,131376000000.0,135.0,0.0,2930000000.0,10505000000.0,61372000000.0,61372000000.0,0.0,0.0,27010000000.0,5414000000.0,39.0,84263000000.0,15685000000.0,3206000000.0,0.0,2132000000.0,-32022000000.0,-1867000000.0,75427000000.0,170430000000.0,0.0,0.0,22057000000.0,-636000000.0,65824000000.0,-20483000000.0,-45977000000.0,45687000000.0,9148000000.0,45687000000.0,45687000000.0,29299000000.0,0.0,60024000000.0,28.0,8757000000.0,8283000000.0,8080000000.0,634000000.0,-1570000000.0,-1221000000.0,36074000000.0,1090000000.0,0.0,28.0,48.0,21.0,133.0,10045000000.0,96364000000.0,-29227000000.0,14194000000.0,11605000000.0,46671000000.0,321686000000.0,106869000000.0,79006000000.0,128249000000.0,193437000000.0,321686000000.0,215639000000.0,0.0,8.35,5471497005.99,True
AAPL,2016-06,96.5886365909091,96.62227277272727,95.96909081818181,97.47772777272726,779055700.0,2016,Apple Inc.,Information Technology,Computer Hardware,"Cupertino, California",320193,2016-09-24,59321000000.0,1044000000.0,1348000000.0,36.0,-12734000000.0,0.0,85.0,20484000000.0,217000000.0,31251000000.0,131376000000.0,135.0,0.0,2930000000.0,10505000000.0,61372000000.0,61372000000.0,0.0,0.0,27010000000.0,5414000000.0,39.0,84263000000.0,15685000000.0,3206000000.0,0.0,2132000000.0,-32022000000.0,-1867000000.0,75427000000.0,170430000000.0,0.0,0.0,22057000000.0,-636000000.0,65824000000.0,-20483000000.0,-45977000000.0,45687000000.0,9148000000.0,45687000000.0,45687000000.0,29299000000.0,0.0,60024000000.0,28.0,8757000000.0,8283000000.0,8080000000.0,634000000.0,-1570000000.0,-1221000000.0,36074000000.0,1090000000.0,0.0,28.0,48.0,21.0,133.0,10045000000.0,96364000000.0,-29227000000.0,14194000000.0,11605000000.0,46671000000.0,321686000000.0,106869000000.0,79006000000.0,128249000000.0,193437000000.0,321686000000.0,215639000000.0,0.0,8.35,5471497005.99,True
AAPL,2016-07,98.45099945,98.55649980000001,98.00249975,99.1639999,685779600.0,2016,Apple Inc.,Information Technology,Computer Hardware,"Cupertino, California",320193,2016-09-24,59321000000.0,1044000000.0,1348000000.0,36.0,-12734000000.0,0.0,85.0,20484000000.0,217000000.0,31251000000.0,131376000000.0,135.0,0.0,2930000000.0,10505000000.0,61372000000.0,61372000000.0,0.0,0.0,27010000000.0,5414000000.0,39.0,84263000000.0,15685000000.0,3206000000.0,0.0,2132000000.0,-32022000000.0,-1867000000.0,75427000000.0,170430000000.0,0.0,0.0,22057000000.0,-636000000.0,65824000000.0,-20483000000.0,-45977000000.0,45687000000.0,9148000000.0,45687000000.0,45687000000.0,29299000000.0,0.0,60024000000.0,28.0,8757000000.0,8283000000.0,8080000000.0,634000000.0,-1570000000.0,-1221000000.0,36074000000.0,1090000000.0,0.0,28.0,48.0,21.0,133.0,10045000000.0,96364000000.0,-29227000000.0,14194000000.0,11605000000.0,46671000000.0,321686000000.0,106869000000.0,79006000000.0,128249000000.0,193437000000.0,321686000000.0,215639000000.0,0.0,8.35,5471497005.99,True
AAPL,2016-08,107.46304360869566,107.66521813043478,106.98652152173914,108.14043521739131,630128500.0,2016,Apple Inc.,Information Technology,Computer Hardware,"Cupertino, California",320193,2016-09-24,59321000000.0,1044000000.0,1348000000.0,36.0,-12734000000.0,0.0,85.0,20484000000.0,217000000.0,31251000000.0,131376000000.0,135.0,0.0,2930000000.0,10505000000.0,61372000000.0,61372000000.0,0.0,0.0,27010000000.0,5414000000.0,39.0,84263000000.0,15685000000.0,3206000000.0,0.0,2132000000.0,-32022000000.0,-1867000000.0,75427000000.0,170430000000.0,0.0,0.0,22057000000.0,-636000000.0,65824000000.0,-20483000000.0,-45977000000.0,45687000000.0,9148000000.0,45687000000.0,45687000000.0,29299000000.0,0.0,60024000000.0,28.0,8757000000.0,8283000000.0,8080000000.0,634000000.0,-1570000000.0,-1221000000.0,36074000000.0,1090000000.0,0.0,28.0,48.0,21.0,133.0,10045000000.0,96364000000.0,-29227000000.0,14194000000.0,11605000000.0,46671000000.0,321686000000.0,106869000000.0,79006000000.0,128249000000.0,193437000000.0,321686000000.0,215639000000.0,0.0,8.35,5471497005.99,True
AAPL,2016-09,110.67333395238096,110.85714247619048,109.80761933333335,111.74523880952381,968015600.0,2016,Apple Inc.,Information Technology,Computer Hardware,"Cupertino, California",320193,2016-09-24,59321000000.0,1044000000.0,1348000000.0,36.0,-12734000000.0,0.0,85.0,20484000000.0,217000000.0,31251000000.0,131376000000.0,135.0,0.0,2930000000.0,10505000000.0,61372000000.0,61372000000.0,0.0,0.0,27010000000.0,5414000000.0,39.0,84263000000.0,15685000000.0,3206000000.0,0.0,2132000000.0,-32022000000.0,-1867000000.0,75427000000.0,170430000000.0,0.0,0.0,22057000000.0,-636000000.0,65824000000.0,-20483000000.0,-45977000000.0,45687000000.0,9148000000.0,45687000000.0,45687000000.0,29299000000.0,0.0,60024000000.0,28.0,8757000000.0,8283000000.0,8080000000.0,634000000.0,-1570000000.0,-1221000000.0,36074000000.0,1090000000.0,0.0,28.0,48.0,21.0,133.0,10045000000.0,96364000000.0,-29227000000.0,14194000000.0,11605000000.0,46671000000.0,321686000000.0,106869000000.0,79006000000.0,128249000000.0,193437000000.0,321686000000.0,215639000000.0,0.0,8.35,5471497005.99,True
AAPL,2016-10,115.74380866666668,115.70714309523808,114.94142766666667,116.38809528571429,686914300.0,2016,Apple Inc.,Information Technology,Computer Hardware,"Cupertino, California",320193,2016-09-24,59321000000.0,1044000000.0,1348000000.0,36.0,-12734000000.0,0.0,85.0,20484000000.0,217000000.0,31251000000.0,131376000000.0,135.0,0.0,2930000000.0,10505000000.0,61372000000.0,61372000000.0,0.0,0.0,27010000000.0,5414000000.0,39.0,84263000000.0,15685000000.0,3206000000.0,0.0,2132000000.0,-32022000000.0,-1867000000.0,75427000000.0,170430000000.0,0.0,0.0,22057000000.0,-636000000.0,65824000000.0,-20483000000.0,-45977000000.0,45687000000.0,9148000000.0,45687000000.0,45687000000.0,29299000000.0,0.0,60024000000.0,28.0,8757000000.0,8283000000.0,8080000000.0,634000000.0,-1570000000.0,-1221000000.0,36074000000.0,1090000000.0,0.0,28.0,48.0,21.0,133.0,10045000000.0,96364000000.0,-29227000000.0,14194000000.0,11605000000.0,46671000000.0,321686000000.0,106869000000.0,79006000000.0,128249000000.0,193437000000.0,321686000000.0,215639000000.0,0.0,8.35,5471497005.99,True
AAPL,2016-11,110.08238042857143,110.15428528571428,108.98857233333332,111.06857114285714,721355300.0,2016,Apple Inc.,Information Technology,Computer Hardware,"Cupertino, California",320193,2016-09-24,59321000000.0,1044000000.0,1348000000.0,36.0,-12734000000.0,0.0,85.0,20484000000.0,217000000.0,31251000000.0,131376000000.0,135.0,0.0,2930000000.0,10505000000.0,61372000000.0,61372000000.0,0.0,0.0,27010000000.0,5414000000.0,39.0,84263000000.0,15685000000.0,3206000000.0,0.0,2132000000.0,-32022000000.0,-1867000000.0,75427000000.0,170430000000.0,0.0,0.0,22057000000.0,-636000000.0,65824000000.0,-20483000000.0,-45977000000.0,45687000000.0,9148000000.0,45687000000.0,45687000000.0,29299000000.0,0.0,60024000000.0,28.0,8757000000.0,8283000000.0,8080000000.0,634000000.0,-1570000000.0,-1221000000.0,36074000000.0,1090000000.0,0.0,28.0,48.0,21.0,133.0,10045000000.0,96364000000.0,-29227000000.0,14194000000.0,11605000000.0,46671000000.0,321686000000.0,106869000000.0,79006000000.0,128249000000.0,193437000000.0,321686000000.0,215639000000.0,0.0,8.35,5471497005.99,True
AAPL,2016-12,113.99571376190477,114.33571447619049,113.54523790476189,115.02523766666665,608771700.0,2016,Apple Inc.,Information Technology,Computer Hardware,"Cupertino, California",320193,2016-09-24,59321000000.0,1044000000.0,1348000000.0,36.0,-12734000000.0,0.0,85.0,20484000000.0,217000000.0,31251000000.0,131376000000.0,135.0,0.0,2930000000.0,10505000000.0,61372000000.0,61372000000.0,0.0,0.0,27010000000.0,5414000000.0,39.0,84263000000.0,15685000000.0,3206000000.0,0.0,2132000000.0,-32022000000.0,-1867000000.0,75427000000.0,170430000000.0,0.0,0.0,22057000000.0,-636000000.0,65824000000.0,-20483000000.0,-45977000000.0,45687000000.0,9148000000.0,45687000000.0,45687000000.0,29299000000.0,0.0,60024000000.0,28.0,8757000000.0,8283000000.0,8080000000.0,634000000.0,-1570000000.0,-1221000000.0,36074000000.0,1090000000.0,0.0,28.0,48.0,21.0,133.0,10045000000.0,96364000000.0,-29227000000.0,14194000000.0,11605000000.0,46671000000.0,321686000000.0,106869000000.0,79006000000.0,128249000000.0,193437000000.0,321686000000.0,215639000000.0,0.0,8.35,5471497005.99,True
